%YAML 1.1
%TAG !u! tag:unity3d.com,2011:
--- !u!1 &2351055428337294901
GameObject:
  m_ObjectHideFlags: 0
  m_CorrespondingSourceObject: {fileID: 0}
  m_PrefabInstance: {fileID: 0}
  m_PrefabAsset: {fileID: 0}
  serializedVersion: 6
  m_Component:
  - component: {fileID: 7048973341725191340}
  m_Layer: 0
  m_Name: Walking
  m_TagString: Untagged
  m_Icon: {fileID: 0}
  m_NavMeshLayer: 0
  m_StaticEditorFlags: 0
  m_IsActive: 1
--- !u!4 &7048973341725191340
Transform:
  m_ObjectHideFlags: 0
  m_CorrespondingSourceObject: {fileID: 0}
  m_PrefabInstance: {fileID: 0}
  m_PrefabAsset: {fileID: 0}
  m_GameObject: {fileID: 2351055428337294901}
  m_LocalRotation: {x: -0, y: -0, z: -0, w: 1}
  m_LocalPosition: {x: 0, y: 0, z: 0}
  m_LocalScale: {x: 1, y: 1, z: 1}
  m_Children:
  - {fileID: 5314673473938595025}
  - {fileID: 6932956659050970678}
  m_Father: {fileID: 2111014358412064244}
  m_RootOrder: 1
  m_LocalEulerAnglesHint: {x: 0, y: 0, z: 0}
--- !u!1 &2677945920897507506
GameObject:
  m_ObjectHideFlags: 0
  m_CorrespondingSourceObject: {fileID: 0}
  m_PrefabInstance: {fileID: 0}
  m_PrefabAsset: {fileID: 0}
  serializedVersion: 6
  m_Component:
  - component: {fileID: 2700013953882130239}
  m_Layer: 0
  m_Name: CollectingStone
  m_TagString: Untagged
  m_Icon: {fileID: 0}
  m_NavMeshLayer: 0
  m_StaticEditorFlags: 0
  m_IsActive: 1
--- !u!4 &2700013953882130239
Transform:
  m_ObjectHideFlags: 0
  m_CorrespondingSourceObject: {fileID: 0}
  m_PrefabInstance: {fileID: 0}
  m_PrefabAsset: {fileID: 0}
  m_GameObject: {fileID: 2677945920897507506}
  m_LocalRotation: {x: -0, y: -0, z: -0, w: 1}
  m_LocalPosition: {x: 0, y: 0, z: 0}
  m_LocalScale: {x: 1, y: 1, z: 1}
  m_Children:
  - {fileID: 1272337551573135985}
  - {fileID: 2090201764210449473}
  - {fileID: 8347264462559538550}
  m_Father: {fileID: 2111014358412064244}
  m_RootOrder: 2
  m_LocalEulerAnglesHint: {x: 0, y: 0, z: 0}
--- !u!1 &5210140681621498785
GameObject:
  m_ObjectHideFlags: 0
  m_CorrespondingSourceObject: {fileID: 0}
  m_PrefabInstance: {fileID: 0}
  m_PrefabAsset: {fileID: 0}
  serializedVersion: 6
  m_Component:
  - component: {fileID: 6658426512072390214}
  m_Layer: 0
  m_Name: Idle
  m_TagString: Untagged
  m_Icon: {fileID: 0}
  m_NavMeshLayer: 0
  m_StaticEditorFlags: 0
  m_IsActive: 1
--- !u!4 &6658426512072390214
Transform:
  m_ObjectHideFlags: 0
  m_CorrespondingSourceObject: {fileID: 0}
  m_PrefabInstance: {fileID: 0}
  m_PrefabAsset: {fileID: 0}
  m_GameObject: {fileID: 5210140681621498785}
  m_LocalRotation: {x: 0, y: 0, z: 0, w: 1}
  m_LocalPosition: {x: 0, y: 0, z: 0}
  m_LocalScale: {x: 1, y: 1, z: 1}
  m_Children:
  - {fileID: 4569376175691229705}
  m_Father: {fileID: 2111014358412064244}
  m_RootOrder: 3
  m_LocalEulerAnglesHint: {x: 0, y: 0, z: 0}
--- !u!1 &5781844536599879084
GameObject:
  m_ObjectHideFlags: 0
  m_CorrespondingSourceObject: {fileID: 0}
  m_PrefabInstance: {fileID: 0}
  m_PrefabAsset: {fileID: 0}
  serializedVersion: 6
  m_Component:
  - component: {fileID: 69759686761874945}
  m_Layer: 0
  m_Name: HarvestBerries
  m_TagString: Untagged
  m_Icon: {fileID: 0}
  m_NavMeshLayer: 0
  m_StaticEditorFlags: 0
  m_IsActive: 1
--- !u!4 &69759686761874945
Transform:
  m_ObjectHideFlags: 0
  m_CorrespondingSourceObject: {fileID: 0}
  m_PrefabInstance: {fileID: 0}
  m_PrefabAsset: {fileID: 0}
  m_GameObject: {fileID: 5781844536599879084}
  m_LocalRotation: {x: 0, y: 0, z: 0, w: 1}
  m_LocalPosition: {x: 0, y: 0, z: 0}
  m_LocalScale: {x: 1, y: 1, z: 1}
  m_Children:
  - {fileID: 3850984192052478461}
  - {fileID: 4082250627931193406}
  m_Father: {fileID: 2111014358412064244}
  m_RootOrder: 4
  m_LocalEulerAnglesHint: {x: 0, y: 0, z: 0}
--- !u!1 &7310325845317001185
GameObject:
  m_ObjectHideFlags: 0
  m_CorrespondingSourceObject: {fileID: 0}
  m_PrefabInstance: {fileID: 0}
  m_PrefabAsset: {fileID: 0}
  serializedVersion: 6
  m_Component:
  - component: {fileID: 2437392757477214662}
  m_Layer: 0
  m_Name: CuttingWood
  m_TagString: Untagged
  m_Icon: {fileID: 0}
  m_NavMeshLayer: 0
  m_StaticEditorFlags: 0
  m_IsActive: 1
--- !u!4 &2437392757477214662
Transform:
  m_ObjectHideFlags: 0
  m_CorrespondingSourceObject: {fileID: 0}
  m_PrefabInstance: {fileID: 0}
  m_PrefabAsset: {fileID: 0}
  m_GameObject: {fileID: 7310325845317001185}
  m_LocalRotation: {x: 0, y: 0, z: 0, w: 1}
  m_LocalPosition: {x: 0, y: 0, z: 0}
  m_LocalScale: {x: 1, y: 1, z: 1}
  m_Children:
  - {fileID: 684741884378450650}
  - {fileID: 1211719651455662342}
  - {fileID: 7844635908750661850}
  m_Father: {fileID: 2111014358412064244}
  m_RootOrder: 0
  m_LocalEulerAnglesHint: {x: 0, y: 0, z: 0}
--- !u!1 &8098670941628816707
GameObject:
  m_ObjectHideFlags: 0
  m_CorrespondingSourceObject: {fileID: 0}
  m_PrefabInstance: {fileID: 0}
  m_PrefabAsset: {fileID: 0}
  serializedVersion: 6
  m_Component:
  - component: {fileID: 2111014358412064244}
  - component: {fileID: 487193576769254436}
  - component: {fileID: 5981962633218798867}
  - component: {fileID: 2605232843261995523}
  - component: {fileID: 5879706556053203137}
  - component: {fileID: 5857815967506882611}
  - component: {fileID: 6898420080692083875}
  - component: {fileID: 2561231061463837791}
  - component: {fileID: 631852034229292222}
  - component: {fileID: 1337129161949775328}
  - component: {fileID: 6223601245743367117}
  - component: {fileID: 8809378782895725175}
  - component: {fileID: 3020218426349060744}
  m_Layer: 0
  m_Name: VillagerPrefab
  m_TagString: Untagged
  m_Icon: {fileID: 0}
  m_NavMeshLayer: 0
  m_StaticEditorFlags: 0
  m_IsActive: 1
--- !u!4 &2111014358412064244
Transform:
  m_ObjectHideFlags: 0
  m_CorrespondingSourceObject: {fileID: 0}
  m_PrefabInstance: {fileID: 0}
  m_PrefabAsset: {fileID: 0}
  m_GameObject: {fileID: 8098670941628816707}
  m_LocalRotation: {x: 0, y: 0, z: 0, w: 1}
  m_LocalPosition: {x: 0, y: 0, z: 0}
  m_LocalScale: {x: 1, y: 1, z: 1}
  m_Children:
  - {fileID: 2437392757477214662}
  - {fileID: 7048973341725191340}
  - {fileID: 2700013953882130239}
  - {fileID: 6658426512072390214}
  - {fileID: 69759686761874945}
  - {fileID: 8249272154432142278}
  m_Father: {fileID: 0}
  m_RootOrder: 0
  m_LocalEulerAnglesHint: {x: 0, y: 0, z: 0}
--- !u!33 &487193576769254436
MeshFilter:
  m_ObjectHideFlags: 0
  m_CorrespondingSourceObject: {fileID: 0}
  m_PrefabInstance: {fileID: 0}
  m_PrefabAsset: {fileID: 0}
  m_GameObject: {fileID: 8098670941628816707}
  m_Mesh: {fileID: 10202, guid: 0000000000000000e000000000000000, type: 0}
--- !u!23 &5981962633218798867
MeshRenderer:
  m_ObjectHideFlags: 0
  m_CorrespondingSourceObject: {fileID: 0}
  m_PrefabInstance: {fileID: 0}
  m_PrefabAsset: {fileID: 0}
  m_GameObject: {fileID: 8098670941628816707}
  m_Enabled: 0
  m_CastShadows: 1
  m_ReceiveShadows: 1
  m_DynamicOccludee: 1
  m_MotionVectors: 1
  m_LightProbeUsage: 1
  m_ReflectionProbeUsage: 1
  m_RenderingLayerMask: 1
  m_RendererPriority: 0
  m_Materials:
  - {fileID: 2100000, guid: 61b90b0daeaa2374eadfc7c4f97e4650, type: 2}
  m_StaticBatchInfo:
    firstSubMesh: 0
    subMeshCount: 0
  m_StaticBatchRoot: {fileID: 0}
  m_ProbeAnchor: {fileID: 0}
  m_LightProbeVolumeOverride: {fileID: 0}
  m_ScaleInLightmap: 1
  m_PreserveUVs: 0
  m_IgnoreNormalsForChartDetection: 0
  m_ImportantGI: 0
  m_StitchLightmapSeams: 0
  m_SelectedEditorRenderState: 3
  m_MinimumChartSize: 4
  m_AutoUVMaxDistance: 0.5
  m_AutoUVMaxAngle: 89
  m_LightmapParameters: {fileID: 0}
  m_SortingLayerID: 0
  m_SortingLayer: 0
  m_SortingOrder: 0
--- !u!65 &2605232843261995523
BoxCollider:
  m_ObjectHideFlags: 0
  m_CorrespondingSourceObject: {fileID: 0}
  m_PrefabInstance: {fileID: 0}
  m_PrefabAsset: {fileID: 0}
  m_GameObject: {fileID: 8098670941628816707}
  m_Material: {fileID: 0}
  m_IsTrigger: 0
  m_Enabled: 1
  serializedVersion: 2
  m_Size: {x: 1, y: 1, z: 1}
  m_Center: {x: 0, y: 0.5, z: 0}
--- !u!114 &5879706556053203137
MonoBehaviour:
  m_ObjectHideFlags: 0
  m_CorrespondingSourceObject: {fileID: 0}
  m_PrefabInstance: {fileID: 0}
  m_PrefabAsset: {fileID: 0}
  m_GameObject: {fileID: 8098670941628816707}
  m_Enabled: 1
  m_EditorHideFlags: 0
  m_Script: {fileID: 11500000, guid: 95878733f3f1b3349afacf54f2837f37, type: 3}
  m_Name: 
  m_EditorClassIdentifier: 
  _currentAnimation: 
  _sounds:
  - {fileID: 8300000, guid: ce36a73d1858abe49b9d5ee9f306bcbc, type: 3}
  - {fileID: 8300000, guid: 2ea476cf4b13bd749a12f2d052b08ba9, type: 3}
  - {fileID: 8300000, guid: b8e511a8db9adae428271248e69621cb, type: 3}
  - {fileID: 8300000, guid: 006652da21d7d2b4bae63e1ee6081e2c, type: 3}
  - {fileID: 8300000, guid: d7b4c9c46bcecc844a2608f40e92497d, type: 3}
  - {fileID: 8300000, guid: 3af6662521381d84fbda970724492aa5, type: 3}
  - {fileID: 8300000, guid: 22aa9efe09176c04f84dcce9860d0b46, type: 3}
  - {fileID: 8300000, guid: f833f74f081e7d44fb6296c1799399fc, type: 3}
  - {fileID: 8300000, guid: 3adaf44c7014ff144a85e376375ca80c, type: 3}
  - {fileID: 8300000, guid: 5be5ac8ce2267d74cb514655730fcf1a, type: 3}
  - {fileID: 8300000, guid: 3697687991efb1f49bf1e9f48720fb02, type: 3}
  - {fileID: 8300000, guid: c29996af6a25cef4cb1bff30c25b48a7, type: 3}
  - {fileID: 8300000, guid: cd944cfa18b98c44986bc76ba0b491b4, type: 3}
--- !u!114 &5857815967506882611
MonoBehaviour:
  m_ObjectHideFlags: 0
  m_CorrespondingSourceObject: {fileID: 0}
  m_PrefabInstance: {fileID: 0}
  m_PrefabAsset: {fileID: 0}
  m_GameObject: {fileID: 8098670941628816707}
  m_Enabled: 1
  m_EditorHideFlags: 0
  m_Script: {fileID: 11500000, guid: 5bf10cdea1344482e91a4f2b58506b77, type: 3}
  m_Name: 
  m_EditorClassIdentifier: 
--- !u!114 &6898420080692083875
MonoBehaviour:
  m_ObjectHideFlags: 0
  m_CorrespondingSourceObject: {fileID: 0}
  m_PrefabInstance: {fileID: 0}
  m_PrefabAsset: {fileID: 0}
  m_GameObject: {fileID: 8098670941628816707}
  m_Enabled: 1
  m_EditorHideFlags: 0
  m_Script: {fileID: 11500000, guid: 75907d836ae7df745a7a33104b230ba8, type: 3}
  m_Name: 
  m_EditorClassIdentifier: 
--- !u!195 &2561231061463837791
NavMeshAgent:
  m_ObjectHideFlags: 0
  m_CorrespondingSourceObject: {fileID: 0}
  m_PrefabInstance: {fileID: 0}
  m_PrefabAsset: {fileID: 0}
  m_GameObject: {fileID: 8098670941628816707}
  m_Enabled: 1
  m_AgentTypeID: 0
  m_Radius: 0.5
  m_Speed: 3
  m_Acceleration: 8
  avoidancePriority: 50
  m_AngularSpeed: 360
  m_StoppingDistance: 0
  m_AutoTraverseOffMeshLink: 1
  m_AutoBraking: 1
  m_AutoRepath: 1
  m_Height: 1
  m_BaseOffset: 0
  m_WalkableMask: 4294967295
  m_ObstacleAvoidanceType: 4
--- !u!114 &631852034229292222
MonoBehaviour:
  m_ObjectHideFlags: 0
  m_CorrespondingSourceObject: {fileID: 0}
  m_PrefabInstance: {fileID: 0}
  m_PrefabAsset: {fileID: 0}
  m_GameObject: {fileID: 8098670941628816707}
  m_Enabled: 1
  m_EditorHideFlags: 0
  m_Script: {fileID: 11500000, guid: 7e232571952fcd24ab18df9c75f5ab12, type: 3}
  m_Name: 
  m_EditorClassIdentifier: 
  _maxValue: 10
  _type: 0
  _deltaTime: 0
  _storedValue: 0
  _isResourceSource: 0
--- !u!114 &1337129161949775328
MonoBehaviour:
  m_ObjectHideFlags: 0
  m_CorrespondingSourceObject: {fileID: 0}
  m_PrefabInstance: {fileID: 0}
  m_PrefabAsset: {fileID: 0}
  m_GameObject: {fileID: 8098670941628816707}
  m_Enabled: 1
  m_EditorHideFlags: 0
  m_Script: {fileID: 11500000, guid: 66220e22857dead44b50ffa4befdf4df, type: 3}
  m_Name: 
  m_EditorClassIdentifier: 
  _prefab: {fileID: 70145027607022203, guid: 33fda4e09938b6f47b392a434dd61395, type: 3}
--- !u!114 &6223601245743367117
MonoBehaviour:
  m_ObjectHideFlags: 0
  m_CorrespondingSourceObject: {fileID: 0}
  m_PrefabInstance: {fileID: 0}
  m_PrefabAsset: {fileID: 0}
  m_GameObject: {fileID: 8098670941628816707}
  m_Enabled: 1
  m_EditorHideFlags: 0
  m_Script: {fileID: 11500000, guid: d38002f00fd92734788fca6842f6baa9, type: 3}
  m_Name: 
  m_EditorClassIdentifier: 
  _selectionMesh: {fileID: 8249272154432301030}
  _selectionUIInterface: {fileID: 0}
--- !u!95 &8809378782895725175
Animator:
  serializedVersion: 3
  m_ObjectHideFlags: 0
  m_CorrespondingSourceObject: {fileID: 0}
  m_PrefabInstance: {fileID: 0}
  m_PrefabAsset: {fileID: 0}
  m_GameObject: {fileID: 8098670941628816707}
  m_Enabled: 1
  m_Avatar: {fileID: 0}
  m_Controller: {fileID: 9100000, guid: ed321f49dbe47e942b301f54024fe413, type: 2}
  m_CullingMode: 0
  m_UpdateMode: 0
  m_ApplyRootMotion: 0
  m_LinearVelocityBlending: 0
  m_WarningMessage: 
  m_HasTransformHierarchy: 1
  m_AllowConstantClipSamplingOptimization: 1
  m_KeepAnimatorControllerStateOnDisable: 0
--- !u!82 &3020218426349060744
AudioSource:
  m_ObjectHideFlags: 0
  m_CorrespondingSourceObject: {fileID: 0}
  m_PrefabInstance: {fileID: 0}
  m_PrefabAsset: {fileID: 0}
  m_GameObject: {fileID: 8098670941628816707}
  m_Enabled: 1
  serializedVersion: 4
  OutputAudioMixerGroup: {fileID: 0}
  m_audioClip: {fileID: 8300000, guid: c29996af6a25cef4cb1bff30c25b48a7, type: 3}
  m_PlayOnAwake: 1
  m_Volume: 0.5
  m_Pitch: 1
  Loop: 0
  Mute: 0
  Spatialize: 0
  SpatializePostEffects: 0
  Priority: 128
  DopplerLevel: 1
  MinDistance: 1
  MaxDistance: 500
  Pan2D: 0
  rolloffMode: 0
  BypassEffects: 0
  BypassListenerEffects: 0
  BypassReverbZones: 0
  rolloffCustomCurve:
    serializedVersion: 2
    m_Curve:
    - serializedVersion: 3
      time: 0
      value: 1
      inSlope: 0
      outSlope: 0
      tangentMode: 0
      weightedMode: 0
      inWeight: 0.33333334
      outWeight: 0.33333334
    - serializedVersion: 3
      time: 1
      value: 0
      inSlope: 0
      outSlope: 0
      tangentMode: 0
      weightedMode: 0
      inWeight: 0.33333334
      outWeight: 0.33333334
    m_PreInfinity: 2
    m_PostInfinity: 2
    m_RotationOrder: 4
  panLevelCustomCurve:
    serializedVersion: 2
    m_Curve:
    - serializedVersion: 3
      time: 0
      value: 0
      inSlope: 0
      outSlope: 0
      tangentMode: 0
      weightedMode: 0
      inWeight: 0.33333334
      outWeight: 0.33333334
    m_PreInfinity: 2
    m_PostInfinity: 2
    m_RotationOrder: 4
  spreadCustomCurve:
    serializedVersion: 2
    m_Curve:
    - serializedVersion: 3
      time: 0
      value: 0
      inSlope: 0
      outSlope: 0
      tangentMode: 0
      weightedMode: 0
      inWeight: 0.33333334
      outWeight: 0.33333334
    m_PreInfinity: 2
    m_PostInfinity: 2
    m_RotationOrder: 4
  reverbZoneMixCustomCurve:
    serializedVersion: 2
    m_Curve:
    - serializedVersion: 3
      time: 0
      value: 1
      inSlope: 0
      outSlope: 0
      tangentMode: 0
      weightedMode: 0
      inWeight: 0.33333334
      outWeight: 0.33333334
    m_PreInfinity: 2
    m_PostInfinity: 2
    m_RotationOrder: 4
--- !u!1001 &684741884378320984
PrefabInstance:
  m_ObjectHideFlags: 0
  serializedVersion: 2
  m_Modification:
    m_TransformParent: {fileID: 2437392757477214662}
    m_Modifications:
    - target: {fileID: 100002, guid: feb377f8ae5b42149bf7fc6d5e071e52, type: 3}
      propertyPath: m_Name
      value: mayan_guy_wood_01-00
      objectReference: {fileID: 0}
    - target: {fileID: 100002, guid: feb377f8ae5b42149bf7fc6d5e071e52, type: 3}
      propertyPath: m_IsActive
      value: 1
      objectReference: {fileID: 0}
    - target: {fileID: 400002, guid: feb377f8ae5b42149bf7fc6d5e071e52, type: 3}
      propertyPath: m_LocalPosition.x
      value: -0
      objectReference: {fileID: 0}
    - target: {fileID: 400002, guid: feb377f8ae5b42149bf7fc6d5e071e52, type: 3}
      propertyPath: m_LocalPosition.y
      value: 0
      objectReference: {fileID: 0}
    - target: {fileID: 400002, guid: feb377f8ae5b42149bf7fc6d5e071e52, type: 3}
      propertyPath: m_LocalPosition.z
      value: 0
      objectReference: {fileID: 0}
    - target: {fileID: 400002, guid: feb377f8ae5b42149bf7fc6d5e071e52, type: 3}
      propertyPath: m_LocalRotation.x
      value: 0
      objectReference: {fileID: 0}
    - target: {fileID: 400002, guid: feb377f8ae5b42149bf7fc6d5e071e52, type: 3}
      propertyPath: m_LocalRotation.y
      value: -0
      objectReference: {fileID: 0}
    - target: {fileID: 400002, guid: feb377f8ae5b42149bf7fc6d5e071e52, type: 3}
      propertyPath: m_LocalRotation.z
      value: -0
      objectReference: {fileID: 0}
    - target: {fileID: 400002, guid: feb377f8ae5b42149bf7fc6d5e071e52, type: 3}
      propertyPath: m_LocalRotation.w
      value: 1
      objectReference: {fileID: 0}
    - target: {fileID: 400002, guid: feb377f8ae5b42149bf7fc6d5e071e52, type: 3}
      propertyPath: m_RootOrder
      value: 0
      objectReference: {fileID: 0}
    - target: {fileID: 400002, guid: feb377f8ae5b42149bf7fc6d5e071e52, type: 3}
      propertyPath: m_LocalEulerAnglesHint.x
      value: 0
      objectReference: {fileID: 0}
    - target: {fileID: 400002, guid: feb377f8ae5b42149bf7fc6d5e071e52, type: 3}
      propertyPath: m_LocalEulerAnglesHint.y
      value: 0
      objectReference: {fileID: 0}
    - target: {fileID: 400002, guid: feb377f8ae5b42149bf7fc6d5e071e52, type: 3}
      propertyPath: m_LocalEulerAnglesHint.z
      value: 0
      objectReference: {fileID: 0}
    m_RemovedComponents: []
  m_SourcePrefab: {fileID: 100100000, guid: feb377f8ae5b42149bf7fc6d5e071e52, type: 3}
--- !u!4 &684741884378450650 stripped
Transform:
  m_CorrespondingSourceObject: {fileID: 400002, guid: feb377f8ae5b42149bf7fc6d5e071e52,
    type: 3}
  m_PrefabInstance: {fileID: 684741884378320984}
  m_PrefabAsset: {fileID: 0}
--- !u!1001 &1211719651455263620
PrefabInstance:
  m_ObjectHideFlags: 0
  serializedVersion: 2
  m_Modification:
    m_TransformParent: {fileID: 2437392757477214662}
    m_Modifications:
    - target: {fileID: 100002, guid: 42b7d3bdbd15ab74792a25b4896fe83a, type: 3}
      propertyPath: m_Name
      value: mayan_guy_wood_01-01
      objectReference: {fileID: 0}
    - target: {fileID: 100002, guid: 42b7d3bdbd15ab74792a25b4896fe83a, type: 3}
      propertyPath: m_IsActive
      value: 1
      objectReference: {fileID: 0}
    - target: {fileID: 400002, guid: 42b7d3bdbd15ab74792a25b4896fe83a, type: 3}
      propertyPath: m_LocalPosition.x
      value: -0
      objectReference: {fileID: 0}
    - target: {fileID: 400002, guid: 42b7d3bdbd15ab74792a25b4896fe83a, type: 3}
      propertyPath: m_LocalPosition.y
      value: 0
      objectReference: {fileID: 0}
    - target: {fileID: 400002, guid: 42b7d3bdbd15ab74792a25b4896fe83a, type: 3}
      propertyPath: m_LocalPosition.z
      value: 0
      objectReference: {fileID: 0}
    - target: {fileID: 400002, guid: 42b7d3bdbd15ab74792a25b4896fe83a, type: 3}
      propertyPath: m_LocalRotation.x
      value: 0
      objectReference: {fileID: 0}
    - target: {fileID: 400002, guid: 42b7d3bdbd15ab74792a25b4896fe83a, type: 3}
      propertyPath: m_LocalRotation.y
      value: -0
      objectReference: {fileID: 0}
    - target: {fileID: 400002, guid: 42b7d3bdbd15ab74792a25b4896fe83a, type: 3}
      propertyPath: m_LocalRotation.z
      value: -0
      objectReference: {fileID: 0}
    - target: {fileID: 400002, guid: 42b7d3bdbd15ab74792a25b4896fe83a, type: 3}
      propertyPath: m_LocalRotation.w
      value: 1
      objectReference: {fileID: 0}
    - target: {fileID: 400002, guid: 42b7d3bdbd15ab74792a25b4896fe83a, type: 3}
      propertyPath: m_RootOrder
      value: 1
      objectReference: {fileID: 0}
    - target: {fileID: 400002, guid: 42b7d3bdbd15ab74792a25b4896fe83a, type: 3}
      propertyPath: m_LocalEulerAnglesHint.x
      value: 0
      objectReference: {fileID: 0}
    - target: {fileID: 400002, guid: 42b7d3bdbd15ab74792a25b4896fe83a, type: 3}
      propertyPath: m_LocalEulerAnglesHint.y
      value: 0
      objectReference: {fileID: 0}
    - target: {fileID: 400002, guid: 42b7d3bdbd15ab74792a25b4896fe83a, type: 3}
      propertyPath: m_LocalEulerAnglesHint.z
      value: 0
      objectReference: {fileID: 0}
    m_RemovedComponents: []
  m_SourcePrefab: {fileID: 100100000, guid: 42b7d3bdbd15ab74792a25b4896fe83a, type: 3}
--- !u!4 &1211719651455662342 stripped
Transform:
  m_CorrespondingSourceObject: {fileID: 400002, guid: 42b7d3bdbd15ab74792a25b4896fe83a,
    type: 3}
  m_PrefabInstance: {fileID: 1211719651455263620}
  m_PrefabAsset: {fileID: 0}
--- !u!1001 &1272337551573526771
PrefabInstance:
  m_ObjectHideFlags: 0
  serializedVersion: 2
  m_Modification:
    m_TransformParent: {fileID: 2700013953882130239}
    m_Modifications:
    - target: {fileID: 100002, guid: 83a017c25670f1a448c2175b1bd2a72c, type: 3}
      propertyPath: m_Name
      value: mayan_guy_rock_01-00
      objectReference: {fileID: 0}
    - target: {fileID: 100002, guid: 83a017c25670f1a448c2175b1bd2a72c, type: 3}
      propertyPath: m_IsActive
      value: 1
      objectReference: {fileID: 0}
    - target: {fileID: 400002, guid: 83a017c25670f1a448c2175b1bd2a72c, type: 3}
      propertyPath: m_LocalPosition.x
      value: -0
      objectReference: {fileID: 0}
    - target: {fileID: 400002, guid: 83a017c25670f1a448c2175b1bd2a72c, type: 3}
      propertyPath: m_LocalPosition.y
      value: 0
      objectReference: {fileID: 0}
    - target: {fileID: 400002, guid: 83a017c25670f1a448c2175b1bd2a72c, type: 3}
      propertyPath: m_LocalPosition.z
      value: 0
      objectReference: {fileID: 0}
    - target: {fileID: 400002, guid: 83a017c25670f1a448c2175b1bd2a72c, type: 3}
      propertyPath: m_LocalRotation.x
      value: 0
      objectReference: {fileID: 0}
    - target: {fileID: 400002, guid: 83a017c25670f1a448c2175b1bd2a72c, type: 3}
      propertyPath: m_LocalRotation.y
      value: -0
      objectReference: {fileID: 0}
    - target: {fileID: 400002, guid: 83a017c25670f1a448c2175b1bd2a72c, type: 3}
      propertyPath: m_LocalRotation.z
      value: -0
      objectReference: {fileID: 0}
    - target: {fileID: 400002, guid: 83a017c25670f1a448c2175b1bd2a72c, type: 3}
      propertyPath: m_LocalRotation.w
      value: 1
      objectReference: {fileID: 0}
    - target: {fileID: 400002, guid: 83a017c25670f1a448c2175b1bd2a72c, type: 3}
      propertyPath: m_RootOrder
      value: 0
      objectReference: {fileID: 0}
    - target: {fileID: 400002, guid: 83a017c25670f1a448c2175b1bd2a72c, type: 3}
      propertyPath: m_LocalEulerAnglesHint.x
      value: 0
      objectReference: {fileID: 0}
    - target: {fileID: 400002, guid: 83a017c25670f1a448c2175b1bd2a72c, type: 3}
      propertyPath: m_LocalEulerAnglesHint.y
      value: 0
      objectReference: {fileID: 0}
    - target: {fileID: 400002, guid: 83a017c25670f1a448c2175b1bd2a72c, type: 3}
      propertyPath: m_LocalEulerAnglesHint.z
      value: 0
      objectReference: {fileID: 0}
    m_RemovedComponents: []
  m_SourcePrefab: {fileID: 100100000, guid: 83a017c25670f1a448c2175b1bd2a72c, type: 3}
--- !u!4 &1272337551573135985 stripped
Transform:
  m_CorrespondingSourceObject: {fileID: 400002, guid: 83a017c25670f1a448c2175b1bd2a72c,
    type: 3}
  m_PrefabInstance: {fileID: 1272337551573526771}
  m_PrefabAsset: {fileID: 0}
--- !u!1001 &2090201764210837187
PrefabInstance:
  m_ObjectHideFlags: 0
  serializedVersion: 2
  m_Modification:
    m_TransformParent: {fileID: 2700013953882130239}
    m_Modifications:
    - target: {fileID: 100002, guid: 21dc718e0dcb39e4e9647e63ab65fb19, type: 3}
      propertyPath: m_Name
      value: mayan_guy_rock_01-01
      objectReference: {fileID: 0}
    - target: {fileID: 100002, guid: 21dc718e0dcb39e4e9647e63ab65fb19, type: 3}
      propertyPath: m_IsActive
      value: 1
      objectReference: {fileID: 0}
    - target: {fileID: 400002, guid: 21dc718e0dcb39e4e9647e63ab65fb19, type: 3}
      propertyPath: m_LocalPosition.x
      value: -0
      objectReference: {fileID: 0}
    - target: {fileID: 400002, guid: 21dc718e0dcb39e4e9647e63ab65fb19, type: 3}
      propertyPath: m_LocalPosition.y
      value: 0
      objectReference: {fileID: 0}
    - target: {fileID: 400002, guid: 21dc718e0dcb39e4e9647e63ab65fb19, type: 3}
      propertyPath: m_LocalPosition.z
      value: 0
      objectReference: {fileID: 0}
    - target: {fileID: 400002, guid: 21dc718e0dcb39e4e9647e63ab65fb19, type: 3}
      propertyPath: m_LocalRotation.x
      value: 0
      objectReference: {fileID: 0}
    - target: {fileID: 400002, guid: 21dc718e0dcb39e4e9647e63ab65fb19, type: 3}
      propertyPath: m_LocalRotation.y
      value: -0
      objectReference: {fileID: 0}
    - target: {fileID: 400002, guid: 21dc718e0dcb39e4e9647e63ab65fb19, type: 3}
      propertyPath: m_LocalRotation.z
      value: -0
      objectReference: {fileID: 0}
    - target: {fileID: 400002, guid: 21dc718e0dcb39e4e9647e63ab65fb19, type: 3}
      propertyPath: m_LocalRotation.w
      value: 1
      objectReference: {fileID: 0}
    - target: {fileID: 400002, guid: 21dc718e0dcb39e4e9647e63ab65fb19, type: 3}
      propertyPath: m_RootOrder
      value: 1
      objectReference: {fileID: 0}
    - target: {fileID: 400002, guid: 21dc718e0dcb39e4e9647e63ab65fb19, type: 3}
      propertyPath: m_LocalEulerAnglesHint.x
      value: 0
      objectReference: {fileID: 0}
    - target: {fileID: 400002, guid: 21dc718e0dcb39e4e9647e63ab65fb19, type: 3}
      propertyPath: m_LocalEulerAnglesHint.y
      value: 0
      objectReference: {fileID: 0}
    - target: {fileID: 400002, guid: 21dc718e0dcb39e4e9647e63ab65fb19, type: 3}
      propertyPath: m_LocalEulerAnglesHint.z
      value: 0
      objectReference: {fileID: 0}
    m_RemovedComponents: []
  m_SourcePrefab: {fileID: 100100000, guid: 21dc718e0dcb39e4e9647e63ab65fb19, type: 3}
--- !u!4 &2090201764210449473 stripped
Transform:
  m_CorrespondingSourceObject: {fileID: 400002, guid: 21dc718e0dcb39e4e9647e63ab65fb19,
    type: 3}
  m_PrefabInstance: {fileID: 2090201764210837187}
  m_PrefabAsset: {fileID: 0}
--- !u!1001 &3850984192052091775
PrefabInstance:
  m_ObjectHideFlags: 0
  serializedVersion: 2
  m_Modification:
    m_TransformParent: {fileID: 69759686761874945}
    m_Modifications:
    - target: {fileID: 100002, guid: 83a9bde178b943e4684ab4451d8ad582, type: 3}
      propertyPath: m_Name
      value: mayan_guy_berries_01-00
      objectReference: {fileID: 0}
    - target: {fileID: 400002, guid: 83a9bde178b943e4684ab4451d8ad582, type: 3}
      propertyPath: m_LocalPosition.x
      value: -0
      objectReference: {fileID: 0}
    - target: {fileID: 400002, guid: 83a9bde178b943e4684ab4451d8ad582, type: 3}
      propertyPath: m_LocalPosition.y
      value: 0
      objectReference: {fileID: 0}
    - target: {fileID: 400002, guid: 83a9bde178b943e4684ab4451d8ad582, type: 3}
      propertyPath: m_LocalPosition.z
      value: 0
      objectReference: {fileID: 0}
    - target: {fileID: 400002, guid: 83a9bde178b943e4684ab4451d8ad582, type: 3}
      propertyPath: m_LocalRotation.x
      value: 0
      objectReference: {fileID: 0}
    - target: {fileID: 400002, guid: 83a9bde178b943e4684ab4451d8ad582, type: 3}
      propertyPath: m_LocalRotation.y
      value: -0
      objectReference: {fileID: 0}
    - target: {fileID: 400002, guid: 83a9bde178b943e4684ab4451d8ad582, type: 3}
      propertyPath: m_LocalRotation.z
      value: -0
      objectReference: {fileID: 0}
    - target: {fileID: 400002, guid: 83a9bde178b943e4684ab4451d8ad582, type: 3}
      propertyPath: m_LocalRotation.w
      value: 1
      objectReference: {fileID: 0}
    - target: {fileID: 400002, guid: 83a9bde178b943e4684ab4451d8ad582, type: 3}
      propertyPath: m_RootOrder
      value: 0
      objectReference: {fileID: 0}
    - target: {fileID: 400002, guid: 83a9bde178b943e4684ab4451d8ad582, type: 3}
      propertyPath: m_LocalEulerAnglesHint.x
      value: 0
      objectReference: {fileID: 0}
    - target: {fileID: 400002, guid: 83a9bde178b943e4684ab4451d8ad582, type: 3}
      propertyPath: m_LocalEulerAnglesHint.y
      value: 0
      objectReference: {fileID: 0}
    - target: {fileID: 400002, guid: 83a9bde178b943e4684ab4451d8ad582, type: 3}
      propertyPath: m_LocalEulerAnglesHint.z
      value: 0
      objectReference: {fileID: 0}
    m_RemovedComponents: []
  m_SourcePrefab: {fileID: 100100000, guid: 83a9bde178b943e4684ab4451d8ad582, type: 3}
--- !u!4 &3850984192052478461 stripped
Transform:
  m_CorrespondingSourceObject: {fileID: 400002, guid: 83a9bde178b943e4684ab4451d8ad582,
    type: 3}
  m_PrefabInstance: {fileID: 3850984192052091775}
  m_PrefabAsset: {fileID: 0}
--- !u!1001 &4082250627931069116
PrefabInstance:
  m_ObjectHideFlags: 0
  serializedVersion: 2
  m_Modification:
    m_TransformParent: {fileID: 69759686761874945}
    m_Modifications:
    - target: {fileID: 100002, guid: f9a968471d7da48499d79991d2f4fc90, type: 3}
      propertyPath: m_Name
      value: mayan_guy_berries_01-01
      objectReference: {fileID: 0}
    - target: {fileID: 400002, guid: f9a968471d7da48499d79991d2f4fc90, type: 3}
      propertyPath: m_LocalPosition.x
      value: -0
      objectReference: {fileID: 0}
    - target: {fileID: 400002, guid: f9a968471d7da48499d79991d2f4fc90, type: 3}
      propertyPath: m_LocalPosition.y
      value: 0
      objectReference: {fileID: 0}
    - target: {fileID: 400002, guid: f9a968471d7da48499d79991d2f4fc90, type: 3}
      propertyPath: m_LocalPosition.z
      value: 0
      objectReference: {fileID: 0}
    - target: {fileID: 400002, guid: f9a968471d7da48499d79991d2f4fc90, type: 3}
      propertyPath: m_LocalRotation.x
      value: 0
      objectReference: {fileID: 0}
    - target: {fileID: 400002, guid: f9a968471d7da48499d79991d2f4fc90, type: 3}
      propertyPath: m_LocalRotation.y
      value: -0
      objectReference: {fileID: 0}
    - target: {fileID: 400002, guid: f9a968471d7da48499d79991d2f4fc90, type: 3}
      propertyPath: m_LocalRotation.z
      value: -0
      objectReference: {fileID: 0}
    - target: {fileID: 400002, guid: f9a968471d7da48499d79991d2f4fc90, type: 3}
      propertyPath: m_LocalRotation.w
      value: 1
      objectReference: {fileID: 0}
    - target: {fileID: 400002, guid: f9a968471d7da48499d79991d2f4fc90, type: 3}
      propertyPath: m_RootOrder
      value: 1
      objectReference: {fileID: 0}
    - target: {fileID: 400002, guid: f9a968471d7da48499d79991d2f4fc90, type: 3}
      propertyPath: m_LocalEulerAnglesHint.x
      value: 0
      objectReference: {fileID: 0}
    - target: {fileID: 400002, guid: f9a968471d7da48499d79991d2f4fc90, type: 3}
      propertyPath: m_LocalEulerAnglesHint.y
      value: 0
      objectReference: {fileID: 0}
    - target: {fileID: 400002, guid: f9a968471d7da48499d79991d2f4fc90, type: 3}
      propertyPath: m_LocalEulerAnglesHint.z
      value: 0
      objectReference: {fileID: 0}
    m_RemovedComponents: []
  m_SourcePrefab: {fileID: 100100000, guid: f9a968471d7da48499d79991d2f4fc90, type: 3}
--- !u!4 &4082250627931193406 stripped
Transform:
  m_CorrespondingSourceObject: {fileID: 400002, guid: f9a968471d7da48499d79991d2f4fc90,
    type: 3}
  m_PrefabInstance: {fileID: 4082250627931069116}
  m_PrefabAsset: {fileID: 0}
--- !u!1001 &4569376175691100299
PrefabInstance:
  m_ObjectHideFlags: 0
  serializedVersion: 2
  m_Modification:
    m_TransformParent: {fileID: 6658426512072390214}
    m_Modifications:
    - target: {fileID: 100002, guid: 1f12d7e5d1c9c214fa122eb4df584d7f, type: 3}
      propertyPath: m_Name
      value: mayan_guy01
      objectReference: {fileID: 0}
    - target: {fileID: 100002, guid: 1f12d7e5d1c9c214fa122eb4df584d7f, type: 3}
      propertyPath: m_IsActive
      value: 0
      objectReference: {fileID: 0}
    - target: {fileID: 400002, guid: 1f12d7e5d1c9c214fa122eb4df584d7f, type: 3}
      propertyPath: m_LocalPosition.x
      value: 0
      objectReference: {fileID: 0}
    - target: {fileID: 400002, guid: 1f12d7e5d1c9c214fa122eb4df584d7f, type: 3}
      propertyPath: m_LocalPosition.y
      value: 0
      objectReference: {fileID: 0}
    - target: {fileID: 400002, guid: 1f12d7e5d1c9c214fa122eb4df584d7f, type: 3}
      propertyPath: m_LocalPosition.z
      value: 0
      objectReference: {fileID: 0}
    - target: {fileID: 400002, guid: 1f12d7e5d1c9c214fa122eb4df584d7f, type: 3}
      propertyPath: m_LocalRotation.x
      value: -0
      objectReference: {fileID: 0}
    - target: {fileID: 400002, guid: 1f12d7e5d1c9c214fa122eb4df584d7f, type: 3}
      propertyPath: m_LocalRotation.y
      value: -0
      objectReference: {fileID: 0}
    - target: {fileID: 400002, guid: 1f12d7e5d1c9c214fa122eb4df584d7f, type: 3}
      propertyPath: m_LocalRotation.z
      value: -0
      objectReference: {fileID: 0}
    - target: {fileID: 400002, guid: 1f12d7e5d1c9c214fa122eb4df584d7f, type: 3}
      propertyPath: m_LocalRotation.w
      value: 1
      objectReference: {fileID: 0}
    - target: {fileID: 400002, guid: 1f12d7e5d1c9c214fa122eb4df584d7f, type: 3}
      propertyPath: m_RootOrder
      value: 0
      objectReference: {fileID: 0}
    - target: {fileID: 400002, guid: 1f12d7e5d1c9c214fa122eb4df584d7f, type: 3}
      propertyPath: m_LocalEulerAnglesHint.x
      value: 0
      objectReference: {fileID: 0}
    - target: {fileID: 400002, guid: 1f12d7e5d1c9c214fa122eb4df584d7f, type: 3}
      propertyPath: m_LocalEulerAnglesHint.y
      value: 0
      objectReference: {fileID: 0}
    - target: {fileID: 400002, guid: 1f12d7e5d1c9c214fa122eb4df584d7f, type: 3}
      propertyPath: m_LocalEulerAnglesHint.z
      value: 0
      objectReference: {fileID: 0}
    m_RemovedComponents: []
  m_SourcePrefab: {fileID: 100100000, guid: 1f12d7e5d1c9c214fa122eb4df584d7f, type: 3}
--- !u!4 &4569376175691229705 stripped
Transform:
  m_CorrespondingSourceObject: {fileID: 400002, guid: 1f12d7e5d1c9c214fa122eb4df584d7f,
    type: 3}
  m_PrefabInstance: {fileID: 4569376175691100299}
  m_PrefabAsset: {fileID: 0}
--- !u!1001 &5314673473938458195
PrefabInstance:
  m_ObjectHideFlags: 0
  serializedVersion: 2
  m_Modification:
    m_TransformParent: {fileID: 7048973341725191340}
    m_Modifications:
    - target: {fileID: 100002, guid: 32ad69f81ddd3bd4dac8576c790767c7, type: 3}
      propertyPath: m_Name
      value: mayan_guy_anim_01-00
      objectReference: {fileID: 0}
    - target: {fileID: 100002, guid: 32ad69f81ddd3bd4dac8576c790767c7, type: 3}
      propertyPath: m_IsActive
      value: 1
      objectReference: {fileID: 0}
    - target: {fileID: 400002, guid: 32ad69f81ddd3bd4dac8576c790767c7, type: 3}
      propertyPath: m_LocalPosition.x
      value: -0
      objectReference: {fileID: 0}
    - target: {fileID: 400002, guid: 32ad69f81ddd3bd4dac8576c790767c7, type: 3}
      propertyPath: m_LocalPosition.y
      value: 0
      objectReference: {fileID: 0}
    - target: {fileID: 400002, guid: 32ad69f81ddd3bd4dac8576c790767c7, type: 3}
      propertyPath: m_LocalPosition.z
      value: 0
      objectReference: {fileID: 0}
    - target: {fileID: 400002, guid: 32ad69f81ddd3bd4dac8576c790767c7, type: 3}
      propertyPath: m_LocalRotation.x
      value: 0
      objectReference: {fileID: 0}
    - target: {fileID: 400002, guid: 32ad69f81ddd3bd4dac8576c790767c7, type: 3}
      propertyPath: m_LocalRotation.y
      value: -0
      objectReference: {fileID: 0}
    - target: {fileID: 400002, guid: 32ad69f81ddd3bd4dac8576c790767c7, type: 3}
      propertyPath: m_LocalRotation.z
      value: -0
      objectReference: {fileID: 0}
    - target: {fileID: 400002, guid: 32ad69f81ddd3bd4dac8576c790767c7, type: 3}
      propertyPath: m_LocalRotation.w
      value: 1
      objectReference: {fileID: 0}
    - target: {fileID: 400002, guid: 32ad69f81ddd3bd4dac8576c790767c7, type: 3}
      propertyPath: m_RootOrder
      value: 0
      objectReference: {fileID: 0}
    - target: {fileID: 400002, guid: 32ad69f81ddd3bd4dac8576c790767c7, type: 3}
      propertyPath: m_LocalEulerAnglesHint.x
      value: 0
      objectReference: {fileID: 0}
    - target: {fileID: 400002, guid: 32ad69f81ddd3bd4dac8576c790767c7, type: 3}
      propertyPath: m_LocalEulerAnglesHint.y
      value: 0
      objectReference: {fileID: 0}
    - target: {fileID: 400002, guid: 32ad69f81ddd3bd4dac8576c790767c7, type: 3}
      propertyPath: m_LocalEulerAnglesHint.z
      value: 0
      objectReference: {fileID: 0}
    m_RemovedComponents: []
  m_SourcePrefab: {fileID: 100100000, guid: 32ad69f81ddd3bd4dac8576c790767c7, type: 3}
--- !u!4 &5314673473938595025 stripped
Transform:
  m_CorrespondingSourceObject: {fileID: 400002, guid: 32ad69f81ddd3bd4dac8576c790767c7,
    type: 3}
  m_PrefabInstance: {fileID: 5314673473938458195}
  m_PrefabAsset: {fileID: 0}
--- !u!1001 &6932956659051357364
PrefabInstance:
  m_ObjectHideFlags: 0
  serializedVersion: 2
  m_Modification:
    m_TransformParent: {fileID: 7048973341725191340}
    m_Modifications:
    - target: {fileID: 100002, guid: 30ce35d6b454170419684493ab4b8019, type: 3}
      propertyPath: m_Name
      value: mayan_guy_anim_01-01
      objectReference: {fileID: 0}
    - target: {fileID: 100002, guid: 30ce35d6b454170419684493ab4b8019, type: 3}
      propertyPath: m_IsActive
      value: 1
      objectReference: {fileID: 0}
    - target: {fileID: 400002, guid: 30ce35d6b454170419684493ab4b8019, type: 3}
      propertyPath: m_LocalPosition.x
      value: -0
      objectReference: {fileID: 0}
    - target: {fileID: 400002, guid: 30ce35d6b454170419684493ab4b8019, type: 3}
      propertyPath: m_LocalPosition.y
      value: 0
      objectReference: {fileID: 0}
    - target: {fileID: 400002, guid: 30ce35d6b454170419684493ab4b8019, type: 3}
      propertyPath: m_LocalPosition.z
      value: 0
      objectReference: {fileID: 0}
    - target: {fileID: 400002, guid: 30ce35d6b454170419684493ab4b8019, type: 3}
      propertyPath: m_LocalRotation.x
      value: 0
      objectReference: {fileID: 0}
    - target: {fileID: 400002, guid: 30ce35d6b454170419684493ab4b8019, type: 3}
      propertyPath: m_LocalRotation.y
      value: -0
      objectReference: {fileID: 0}
    - target: {fileID: 400002, guid: 30ce35d6b454170419684493ab4b8019, type: 3}
      propertyPath: m_LocalRotation.z
      value: -0
      objectReference: {fileID: 0}
    - target: {fileID: 400002, guid: 30ce35d6b454170419684493ab4b8019, type: 3}
      propertyPath: m_LocalRotation.w
      value: 1
      objectReference: {fileID: 0}
    - target: {fileID: 400002, guid: 30ce35d6b454170419684493ab4b8019, type: 3}
      propertyPath: m_RootOrder
      value: 1
      objectReference: {fileID: 0}
    - target: {fileID: 400002, guid: 30ce35d6b454170419684493ab4b8019, type: 3}
      propertyPath: m_LocalEulerAnglesHint.x
      value: 0
      objectReference: {fileID: 0}
    - target: {fileID: 400002, guid: 30ce35d6b454170419684493ab4b8019, type: 3}
      propertyPath: m_LocalEulerAnglesHint.y
      value: 0
      objectReference: {fileID: 0}
    - target: {fileID: 400002, guid: 30ce35d6b454170419684493ab4b8019, type: 3}
      propertyPath: m_LocalEulerAnglesHint.z
      value: 0
      objectReference: {fileID: 0}
    m_RemovedComponents: []
  m_SourcePrefab: {fileID: 100100000, guid: 30ce35d6b454170419684493ab4b8019, type: 3}
--- !u!4 &6932956659050970678 stripped
Transform:
  m_CorrespondingSourceObject: {fileID: 400002, guid: 30ce35d6b454170419684493ab4b8019,
    type: 3}
  m_PrefabInstance: {fileID: 6932956659051357364}
  m_PrefabAsset: {fileID: 0}
--- !u!1001 &7844635908750787160
PrefabInstance:
  m_ObjectHideFlags: 0
  serializedVersion: 2
  m_Modification:
    m_TransformParent: {fileID: 2437392757477214662}
    m_Modifications:
    - target: {fileID: 100002, guid: f3406d86e8eeb324393a0517b76b5bbd, type: 3}
      propertyPath: m_Name
      value: mayan_guy_wood_01-02
      objectReference: {fileID: 0}
    - target: {fileID: 100002, guid: f3406d86e8eeb324393a0517b76b5bbd, type: 3}
      propertyPath: m_IsActive
      value: 1
      objectReference: {fileID: 0}
    - target: {fileID: 400002, guid: f3406d86e8eeb324393a0517b76b5bbd, type: 3}
      propertyPath: m_LocalPosition.x
      value: -0
      objectReference: {fileID: 0}
    - target: {fileID: 400002, guid: f3406d86e8eeb324393a0517b76b5bbd, type: 3}
      propertyPath: m_LocalPosition.y
      value: 0
      objectReference: {fileID: 0}
    - target: {fileID: 400002, guid: f3406d86e8eeb324393a0517b76b5bbd, type: 3}
      propertyPath: m_LocalPosition.z
      value: 0
      objectReference: {fileID: 0}
    - target: {fileID: 400002, guid: f3406d86e8eeb324393a0517b76b5bbd, type: 3}
      propertyPath: m_LocalRotation.x
      value: 0
      objectReference: {fileID: 0}
    - target: {fileID: 400002, guid: f3406d86e8eeb324393a0517b76b5bbd, type: 3}
      propertyPath: m_LocalRotation.y
      value: -0
      objectReference: {fileID: 0}
    - target: {fileID: 400002, guid: f3406d86e8eeb324393a0517b76b5bbd, type: 3}
      propertyPath: m_LocalRotation.z
      value: -0
      objectReference: {fileID: 0}
    - target: {fileID: 400002, guid: f3406d86e8eeb324393a0517b76b5bbd, type: 3}
      propertyPath: m_LocalRotation.w
      value: 1
      objectReference: {fileID: 0}
    - target: {fileID: 400002, guid: f3406d86e8eeb324393a0517b76b5bbd, type: 3}
      propertyPath: m_RootOrder
      value: 2
      objectReference: {fileID: 0}
    - target: {fileID: 400002, guid: f3406d86e8eeb324393a0517b76b5bbd, type: 3}
      propertyPath: m_LocalEulerAnglesHint.x
      value: 0
      objectReference: {fileID: 0}
    - target: {fileID: 400002, guid: f3406d86e8eeb324393a0517b76b5bbd, type: 3}
      propertyPath: m_LocalEulerAnglesHint.y
      value: 0
      objectReference: {fileID: 0}
    - target: {fileID: 400002, guid: f3406d86e8eeb324393a0517b76b5bbd, type: 3}
      propertyPath: m_LocalEulerAnglesHint.z
      value: 0
      objectReference: {fileID: 0}
    m_RemovedComponents: []
  m_SourcePrefab: {fileID: 100100000, guid: f3406d86e8eeb324393a0517b76b5bbd, type: 3}
--- !u!4 &7844635908750661850 stripped
Transform:
  m_CorrespondingSourceObject: {fileID: 400002, guid: f3406d86e8eeb324393a0517b76b5bbd,
    type: 3}
  m_PrefabInstance: {fileID: 7844635908750787160}
  m_PrefabAsset: {fileID: 0}
--- !u!1001 &8249272154432266564
PrefabInstance:
  m_ObjectHideFlags: 0
  serializedVersion: 2
  m_Modification:
    m_TransformParent: {fileID: 2111014358412064244}
    m_Modifications:
    - target: {fileID: 100002, guid: d2d62fe31078f9b418441e0f17066373, type: 3}
      propertyPath: m_Name
      value: selection
      objectReference: {fileID: 0}
    - target: {fileID: 100002, guid: d2d62fe31078f9b418441e0f17066373, type: 3}
      propertyPath: m_IsActive
      value: 0
      objectReference: {fileID: 0}
    - target: {fileID: 400002, guid: d2d62fe31078f9b418441e0f17066373, type: 3}
      propertyPath: m_LocalPosition.x
      value: -0
      objectReference: {fileID: 0}
    - target: {fileID: 400002, guid: d2d62fe31078f9b418441e0f17066373, type: 3}
      propertyPath: m_LocalPosition.y
      value: 0
      objectReference: {fileID: 0}
    - target: {fileID: 400002, guid: d2d62fe31078f9b418441e0f17066373, type: 3}
      propertyPath: m_LocalPosition.z
      value: 0
      objectReference: {fileID: 0}
    - target: {fileID: 400002, guid: d2d62fe31078f9b418441e0f17066373, type: 3}
      propertyPath: m_LocalRotation.x
      value: 0
      objectReference: {fileID: 0}
    - target: {fileID: 400002, guid: d2d62fe31078f9b418441e0f17066373, type: 3}
      propertyPath: m_LocalRotation.y
      value: -0
      objectReference: {fileID: 0}
    - target: {fileID: 400002, guid: d2d62fe31078f9b418441e0f17066373, type: 3}
      propertyPath: m_LocalRotation.z
      value: -0
      objectReference: {fileID: 0}
    - target: {fileID: 400002, guid: d2d62fe31078f9b418441e0f17066373, type: 3}
      propertyPath: m_LocalRotation.w
      value: 1
      objectReference: {fileID: 0}
    - target: {fileID: 400002, guid: d2d62fe31078f9b418441e0f17066373, type: 3}
      propertyPath: m_RootOrder
      value: 5
      objectReference: {fileID: 0}
    - target: {fileID: 400002, guid: d2d62fe31078f9b418441e0f17066373, type: 3}
      propertyPath: m_LocalEulerAnglesHint.x
      value: 0
      objectReference: {fileID: 0}
    - target: {fileID: 400002, guid: d2d62fe31078f9b418441e0f17066373, type: 3}
      propertyPath: m_LocalEulerAnglesHint.y
      value: 0
      objectReference: {fileID: 0}
    - target: {fileID: 400002, guid: d2d62fe31078f9b418441e0f17066373, type: 3}
      propertyPath: m_LocalEulerAnglesHint.z
      value: 0
      objectReference: {fileID: 0}
    - target: {fileID: 2300000, guid: d2d62fe31078f9b418441e0f17066373, type: 3}
      propertyPath: m_CastShadows
      value: 0
      objectReference: {fileID: 0}
    - target: {fileID: 2300000, guid: d2d62fe31078f9b418441e0f17066373, type: 3}
      propertyPath: m_ReceiveShadows
      value: 0
      objectReference: {fileID: 0}
    m_RemovedComponents: []
  m_SourcePrefab: {fileID: 100100000, guid: d2d62fe31078f9b418441e0f17066373, type: 3}
--- !u!1 &8249272154432301030 stripped
GameObject:
  m_CorrespondingSourceObject: {fileID: 100002, guid: d2d62fe31078f9b418441e0f17066373,
    type: 3}
  m_PrefabInstance: {fileID: 8249272154432266564}
  m_PrefabAsset: {fileID: 0}
--- !u!4 &8249272154432142278 stripped
Transform:
  m_CorrespondingSourceObject: {fileID: 400002, guid: d2d62fe31078f9b418441e0f17066373,
    type: 3}
  m_PrefabInstance: {fileID: 8249272154432266564}
  m_PrefabAsset: {fileID: 0}
--- !u!1001 &8347264462559672308
PrefabInstance:
  m_ObjectHideFlags: 0
  serializedVersion: 2
  m_Modification:
    m_TransformParent: {fileID: 2700013953882130239}
    m_Modifications:
    - target: {fileID: 100002, guid: 1b9aa0ac299ecc94eb0879f65b962824, type: 3}
      propertyPath: m_Name
      value: mayan_guy_rock_01-02
      objectReference: {fileID: 0}
    - target: {fileID: 100002, guid: 1b9aa0ac299ecc94eb0879f65b962824, type: 3}
      propertyPath: m_IsActive
      value: 1
      objectReference: {fileID: 0}
    - target: {fileID: 400002, guid: 1b9aa0ac299ecc94eb0879f65b962824, type: 3}
      propertyPath: m_LocalPosition.x
      value: -0
      objectReference: {fileID: 0}
    - target: {fileID: 400002, guid: 1b9aa0ac299ecc94eb0879f65b962824, type: 3}
      propertyPath: m_LocalPosition.y
      value: 0
      objectReference: {fileID: 0}
    - target: {fileID: 400002, guid: 1b9aa0ac299ecc94eb0879f65b962824, type: 3}
      propertyPath: m_LocalPosition.z
      value: 0
      objectReference: {fileID: 0}
    - target: {fileID: 400002, guid: 1b9aa0ac299ecc94eb0879f65b962824, type: 3}
      propertyPath: m_LocalRotation.x
      value: 0
      objectReference: {fileID: 0}
    - target: {fileID: 400002, guid: 1b9aa0ac299ecc94eb0879f65b962824, type: 3}
      propertyPath: m_LocalRotation.y
      value: -0
      objectReference: {fileID: 0}
    - target: {fileID: 400002, guid: 1b9aa0ac299ecc94eb0879f65b962824, type: 3}
      propertyPath: m_LocalRotation.z
      value: -0
      objectReference: {fileID: 0}
    - target: {fileID: 400002, guid: 1b9aa0ac299ecc94eb0879f65b962824, type: 3}
      propertyPath: m_LocalRotation.w
      value: 1
      objectReference: {fileID: 0}
    - target: {fileID: 400002, guid: 1b9aa0ac299ecc94eb0879f65b962824, type: 3}
      propertyPath: m_RootOrder
      value: 2
      objectReference: {fileID: 0}
    - target: {fileID: 400002, guid: 1b9aa0ac299ecc94eb0879f65b962824, type: 3}
      propertyPath: m_LocalEulerAnglesHint.x
      value: 0
      objectReference: {fileID: 0}
    - target: {fileID: 400002, guid: 1b9aa0ac299ecc94eb0879f65b962824, type: 3}
      propertyPath: m_LocalEulerAnglesHint.y
      value: 0
      objectReference: {fileID: 0}
    - target: {fileID: 400002, guid: 1b9aa0ac299ecc94eb0879f65b962824, type: 3}
      propertyPath: m_LocalEulerAnglesHint.z
      value: 0
      objectReference: {fileID: 0}
    m_RemovedComponents: []
  m_SourcePrefab: {fileID: 100100000, guid: 1b9aa0ac299ecc94eb0879f65b962824, type: 3}
--- !u!4 &8347264462559538550 stripped
Transform:
  m_CorrespondingSourceObject: {fileID: 400002, guid: 1b9aa0ac299ecc94eb0879f65b962824,
    type: 3}
  m_PrefabInstance: {fileID: 8347264462559672308}
  m_PrefabAsset: {fileID: 0}
